@inproceedings{Price2000NaturalJavaAN,
  title={NaturalJava: a natural language interface for programming in Java},
  author={David Price and Ellen Riloff and Joseph L. Zachary and Brandon Harvey},
  booktitle={IUI},
  year={2000}
}

@inproceedings{Vadas2005ProgrammingWU,
  title={Programming With Unrestricted Natural Language},
  author={David Vadas and James R. Curran},
  booktitle={ALTA},
  year={2005}
}

@article{Androutsopoulos1995NaturalLI,
  title={Natural Language Interfaces to Databases - An Introduction},
  author={Ion Androutsopoulos and Graeme D. Ritchie and Peter Thanisch},
  journal={Natural Language Engineering},
  year={1995},
  volume={1},
  pages={29-81}
}

@inproceedings{Quirk2015LanguageTC,
  title={Language to Code: Learning Semantic Parsers for If-This-Then-That Recipes},
  author={Chris Quirk and Raymond J. Mooney and Michel Galley},
  booktitle={ACL},
  year={2015}
}

@article{Blackburn2005RepresentationAI,
  title={Representation and Inference for Natural Language: A First Course in Computational Semantics},
  author={Patrick Blackburn and Johan Bos},
  journal={Computational Linguistics},
  year={2005},
  volume={32},
  pages={283-286}
}

@inproceedings{Bos2004WideCoverageSR,
  title={Wide-Coverage Semantic Representations from a CCG Parser},
  author={Johan Bos and Stephen Clark and Mark Steedman and James R. Curran and Julia Hockenmaier},
  booktitle={COLING},
  year={2004}
}

